<?xml version='1.0' encoding='UTF-8'?>
<record xmlns="http://www.loc.gov/MARC21/slim">
  <leader>00804cam a22002175  4500</leader>
  <controlfield tag="001">2788145</controlfield>
  <controlfield tag="003">NjP</controlfield>
  <controlfield tag="005">20171013181107.0</controlfield>
  <controlfield tag="008">991121m19631966ir            000 0 ara d</controlfield>
  <datafield tag="024" ind1="7" ind2=" ">
    <subfield code="a">princeton_aco002924</subfield>
    <subfield code="2">local</subfield>
  </datafield>
  <datafield ind1=" " ind2=" " tag="035">
    <subfield code="a">(OCoLC)ocm42866567</subfield>
  </datafield>
  <datafield ind1=" " ind2=" " tag="035">
    <subfield code="9">CNJ7180TS</subfield>
  </datafield>
  <datafield ind1=" " ind2=" " tag="040">
    <subfield code="a">PUL</subfield>
    <subfield code="c">PUL</subfield>
  </datafield>
  <datafield ind1="1" ind2=" " tag="100">
    <subfield code="a">Kirmānī, Muḥammad Khān ibn Muḥammad Karīm,</subfield>
    <subfield code="d">1847-1906.</subfield>
  </datafield>
  <datafield ind1="1" ind2="0" tag="245">
    <subfield code="a">Yanābīʻ al-ḥikmah.</subfield>
  </datafield>
  <datafield ind1=" " ind2=" " tag="260">
    <subfield code="a">Kirmān,</subfield>
    <subfield code="b">Maṭbaʻat al-Saʻādah</subfield>
    <subfield code="c">[1383-86, i.e. 1963-66]</subfield>
  </datafield>
  <datafield ind1=" " ind2=" " tag="300">
    <subfield code="a">2 v.</subfield>
    <subfield code="c">23 cm.</subfield>
  </datafield>
  <datafield ind1=" " ind2=" " tag="546">
    <subfield code="a">In Arabic.</subfield>
  </datafield>
  <datafield ind1=" " ind2="0" tag="650">
    <subfield code="a">Islam</subfield>
    <subfield code="x">Doctrines.</subfield>
    <subfield code="0">http://id.loc.gov/authorities/subjects/sh85068396</subfield>
  </datafield>
  <datafield ind1=" " ind2="0" tag="650">
    <subfield code="a">Islamic philosophy.</subfield>
    <subfield code="0">http://id.loc.gov/authorities/subjects/sh85100934</subfield>
  </datafield>
  <datafield ind1=" " ind2=" " tag="945">
    <subfield code="a">F</subfield>
    <subfield code="b">1</subfield>
    <subfield code="c">2271.509599.K63.398</subfield>
    <subfield code="e">v.1-2</subfield>
  </datafield>
  <datafield ind1=" " ind2=" " tag="911">
    <subfield code="a">20000130</subfield>
  </datafield>
  <datafield ind1="0" ind2="1" tag="852">
    <subfield code="0">3099109</subfield>
    <subfield code="b">rcppa</subfield>
    <subfield code="t">1</subfield>
    <subfield code="h">BP166</subfield>
    <subfield code="i">.K576 1963</subfield>
    <subfield code="x">tr fr nec</subfield>
  </datafield>
  <datafield ind1=" " ind2="0" tag="866">
    <subfield code="0">3099109</subfield>
    <subfield code="8">0</subfield>
    <subfield code="a">v.1-2</subfield>
  </datafield>
  <datafield ind1=" " ind2="0" tag="866">
    <subfield code="0">3099109</subfield>
    <subfield code="a">Missing v. 2 at time of transfer ne 6/28/16</subfield>
  </datafield>
  <datafield ind1=" " ind2=" " tag="959">
    <subfield code="a">2009-07-07 09:53:43 -0500</subfield>
  </datafield>
</record>
